<?xml version="1.0" encoding="UTF-8"?><collection xmlns="http://www.loc.gov/MARC21/slim"><record><leader>00334nam--2200133-i-4500</leader><controlfield tag="001">000042073</controlfield><controlfield tag="002">20161230</controlfield><controlfield tag="005">20161230201043</controlfield><controlfield tag="008">060222s1000------------r-----000-0-eng-d</controlfield><datafield ind1=" " ind2=" " tag="080"><subfield code="a">669:621.746.043</subfield></datafield><datafield ind1=" " ind2=" " tag="100"><subfield code="a">Socolov,N.A</subfield></datafield><datafield ind1=" " ind2=" " tag="245"><subfield code="a">Turnarea piselor de fonta in forme metalice</subfield></datafield><datafield ind1=" " ind2=" " tag="260"><subfield code="a">Bucuresti, Idt, 1951. 40 P</subfield></datafield><datafield ind1=" " ind2=" " tag="852"><subfield code="a">26720</subfield></datafield></record></collection>